<record><leader>00000cas a22000007a 4500</leader><controlfield tag="001">30819325</controlfield><controlfield tag="008">940722d18751875nbuwr ne      0    0eng d</controlfield><datafield ind1=" " ind2=" " tag="010"><subfield code="a">sn 94055796 </subfield></datafield><datafield ind1=" " ind2=" " tag="040"><subfield code="a">MGN</subfield><subfield code="b">eng</subfield><subfield code="c">MGN</subfield><subfield code="d">OCLCQ</subfield></datafield><datafield ind1=" " ind2=" " tag="042"><subfield code="a">msc</subfield></datafield><datafield ind1="0" ind2=" " tag="130"><subfield code="a">Little globe (Falls City, Neb.)</subfield></datafield><datafield ind1="1" ind2="4" tag="245"><subfield code="a">The little globe.</subfield></datafield><datafield ind1=" " ind2=" " tag="260"><subfield code="a">Falls City, Richardson Co., Neb. :</subfield><subfield code="b">Ed. W. Howe</subfield></datafield><datafield ind1=" " ind2=" " tag="300"><subfield code="a">v.</subfield></datafield><datafield ind1=" " ind2=" " tag="310"><subfield code="a">Weekly</subfield></datafield><datafield ind1="0" ind2=" " tag="362"><subfield code="a">Vol. 1, no. 1 (Mar. 20, 1872 [i.e. 1875])-</subfield></datafield><datafield ind1="1" ind2=" " tag="362"><subfield code="a">Ceased in 1875?</subfield></datafield><datafield ind1=" " ind2=" " tag="752"><subfield code="a">United States</subfield><subfield code="b">Nebraska</subfield><subfield code="c">Richardson</subfield><subfield code="d">Falls City.</subfield></datafield><datafield ind1="0" ind2="7" tag="785"><subfield code="t">Nemaha Valley journal (Brownville, Neb. : 1868)</subfield><subfield code="w">(DLC)sn 85033144</subfield></datafield><datafield ind1="0" ind2="7" tag="785"><subfield code="t">Globe-journal</subfield><subfield code="w">(DLC)sn 84022738</subfield></datafield></record>